@article{fletcher2023linking,
  title={Linking GWAS to gene regulation},
  author={Fletcher, Michael},
  journal={Nature Genetics},
  volume={55},
  number={2},
  pages={167--167},
  year={2023},
  publisher={Nature Publishing Group US New York}
}

@article{burg1997regulation,
  title={Regulation of gene expression by hypertonicity},
  author={Burg, Maurice B and Kwon, Eugene D and K{\"U}ltz, Dietmar},
  journal={Annual Review of Physiology},
  volume={59},
  number={1},
  pages={437--455},
  year={1997},
  publisher={Annual Reviews 4139 El Camino Way, PO Box 10139, Palo Alto, CA 94303-0139, USA}
}

@article{lee2004transcriptional, title={Transcriptional regulatory networks in Saccharomyces cerevisiae}, author={Lee, Tong Ihn and Rinaldi, Nicola J and Robert, Fran{\c{c}}ois and Odom, Duncan T and Bar-Joseph, Ziv and Gerber, Georg K and Hannett, Nancy M and Harbison, Christopher T and Thompson, Christopher M and Simon, Ido and others}, journal={Science}, volume={298}, number={5594}, pages={799–804}, year={2004}, publisher={American Association for the Advancement of Science} }

@article{maston2006transcriptional, title={Transcriptional regulatory elements in the human genome}, author={Maston, Glenn A and Evans, Samuel K and Green, Michael R}, journal={Annu. Rev. Genomics Hum. Genet.}, volume={7}, pages={29–59}, year={2006}, publisher={Annual Reviews} }

@article{schug2010promoter, title={Promoter features related to tissue specificity as measured by Shannon entropy}, author={Schug, Jonathan and Schuller, William P and Kappen, Claudia and Salbaum, J Michael and Bucan, Maja and Stoeckert Jr., Christian J}, journal={Genome biology}, volume={11}, number={4}, pages={R33–R33}, year= {2010}, publisher= {BioMed Central} }

@article{nusslein1980mutations,
title={Mutations affecting segment number and polarity in drosophila}, author={Nüsslein-Volhard, Christiane and Wieschaus, Eric}, journal={Nature}, volume={287}, number={5785}, pages={795–801}, year={1980}, publisher={Nature Publishing Group} }

@article{nusslein2017heidelberg,
title={The Heidelberg Screen for Pattern Mutants of Drosophila: A Personal Account on the Origins of a Project}, author={Nüsslein-Volhard, Christiane and Wieschaus, Eric F}, journal={Annual review of cell and developmental biology}, volume={33}, pages={25–46}, year={2017}, publisher={Annual Reviews} }

@misc{nobel1995press,
title = {The Nobel Prize in Physiology or Medicine 1995 - Press release - NobelPrize.org. Nobel Prize Outreach AB {2023}}, url = {https://www.nobelprize.org/prizes/medicine/1995/press-release/} }

@misc{nobel1995summary,
title = {The Nobel Prize in Physiology or Medicine {1995} - NobelPrize.org. Nobel Prize Outreach AB {2023}}, url = {https://www.nobelprize.org/prizes/medicine/1995/summary/} }

@article{hester2017interview,
title = {An interview with Christiane N{"u}sslein-Volhard | Development | The Company of Biologists Ltd. Development (Cambridge)}, author = {Hester, Steven D. and Oates, Andrew C. and Liu, Kate J. and N{"u}sslein-Volhard, Christiane }, journal = {Development (Cambridge)}, volume = {144}, number = {21}, pages = {3851–3854}, year = {2017}, url = {https://journals.biologists.com/dev/article/144/21/3851/48205/An-interview-with-Christiane-Nusslein-Volhard} }

@book{ptashne2004genetic,
title={A genetic switch: phage lambda revisited}, author={Ptashne, Mark}, year={2004}, publisher={CSHL Press} }

@book{ptashne2015regulation,
title={Regulation of transcription: from lambda to eukaryotes}, author={Ptashne, Mark and Gann, Alexander}, year={2015}, publisher={CSHL Press} }

@article{ptashne2007transcriptional,
title={Transcriptional regulation by modifying enzymes: what lies beyond the histone code?}, author={Ptashne, Mark}, journal={Nature structural & molecular biology}, volume= {14}, number= {8}, pages= {658–660}, year= {2007}, publisher= {Nature Publishing Group} }

@article{davidson2011current,
  title={Current prospects for RNA interference-based therapies},
  author={Davidson, Beverly L and McCray Jr, Paul B},
  journal={Nature Reviews Genetics},
  volume={12},
  number={5},
  pages={329--340},
  year={2011},
  publisher={Nature Publishing Group UK London}
}

@article{hsu2014development,
  title={Development and applications of CRISPR-Cas9 for genome engineering},
  author={Hsu, Patrick D and Lander, Eric S and Zhang, Feng},
  journal={Cell},
  volume={157},
  number={6},
  pages={1262--1278},
  year={2014},
  publisher={Elsevier}
}

@article{doudna2014new,
  title={The new frontier of genome engineering with CRISPR-Cas9},
  author={Doudna, Jennifer A and Charpentier, Emmanuelle},
  journal={Science},
  volume={346},
  number={6213},
  pages={1258096},
  year={2014},
  publisher={American Association for the Advancement of Science}
}